@misc {googlevision2018,
    author="Google Developers",
    title = "Google Cloud Vision",
    year  = "2018",
    howpublished   = "\url{https://cloud.google.com/vision/overview/docs/}"
}

@misc {witaidocs2018,
    author="Wit.ai, Inc.",
    title = "Wit.ai",
    year  = "2018",
    howpublished   = "\url{https://wit.ai/docs}"
}


@misc {tensorflowgooglecloud2018,
author="Google Developers",
title = "Cloud ML Engine for TensorFlow",
year ="2018",
howpublished ="\url{https://cloud.google.com/ml-engine/docs/tensorflow/getting-started-training-prediction}"}


@misc {splinfo2018,
author="SPL Committee",
title ="Robocup Standard Platform League",
year ="2018",
howpublished  ="\url{http://spl.robocup.org/}"}


@ARTICLE {jayavardhanagubbiarajkumarbuyyabslavenmarusicamarimuthupalaniswamia2013,
    author  = "Jayavardhana Gubbia, Rajkumar Buyyab, Slaven Marusica, Marimuthu Palaniswamia",
    title   = "Internet of Things(IoT):A vision, architectural elements, and future directions",
    journal = "Future Generation Computer Systems",
    year    = "2013"
}
@misc {androiddev2018,
author="Google Developers",
    title = "Android Developers",
    year  = "2018",
    howpublished   = "\url{https://developer.android.com/docs/}"
}
@misc {firebasedocs2018,
author ="Google Developers",
    title = "Firebase Documentation",
    year  = "2018",
    howpublished   = "\url{https://firebase.google.com/docs/}"
}
@misc {butterknifedocs2018,
    author = "Jake Wharton",
    title  = "Butter Knife",
    year   = "2013",
    howpublished    = "\url{http://jakewharton.github.io/butterknife/}"
}
@misc {volleyapidocs2018,
    author ="Google Developers",
    title = "Volley Overview",
    year  = "2018",
    howpublished   = "\url{https://developer.android.com/training/volley/}"
}
@misc {reactjsdocs2018,
    author="Facebook Open Source",
    title = "React Getting Stared",
    year  = "2018",
    howpublished   = "\url{https://reactjs.org/docs/getting-started.html}"
}

@misc {kairosdevdocs2018,
author="Kairos AR, Inc.",
    title = "Developing with Kairos",
    year  = "2018",
    howpublished   = "\url{https://www.kairos.com/docs/api/}"
}
@misc {googletranslationdocs2018,
author="Google Developers",
    title = "Cloud Translation",
    year  = "2018",
    howpublished   = "\url{https://cloud.google.com/translate/overview/docs/}"
}



@book {billphillipschrisstewartkristinmarsicano2017,
    author    = "Bill Phillips, Chris Stewart , Kristin Marsicano",
    title     = "Android Programming: The Big Nerd Ranch Guide",
    publisher = "Big Nerd Ranch, LLC.",
    year      = "2017"
}
@book {laurencemoroney2017,
    author    = "Laurence Moroney",
    title     = "The Definitive Guide to Firebase: Build Android Apps on Google's Mobile Platform",
    publisher = "Apress",
    year      = "2017"
}
@article {benkehoesachinpatilpieterabbeelkengoldberg2014,
    author  = "Ben Kehoe, Sachin Patil,  Pieter Abbeel, Ken Goldberg",
    title   = "A Survey of Research on Cloud Robotics and Automation",
    journal = "IEEE Transactions on Automation Science and Engineering",
    year    = "2014"
}
@book {borkofurhtarmandoescalante2010,
    author    = "Borko Furht, Armando Escalante",
    title     = "Handbook of Cloud Computing",
    publisher = "Springer",
    year      = "2010"
}

@article{GianniniLRZZ17,
  author    = {Francesco Giannini and
               Vincenzo Laveglia and
               Alessandro Rossi and
               Dario Zanca and
               Andrea Zugarini},
  title     = {Neural Networks for Beginners. {A} fast implementation in Matlab,
               Torch, TensorFlow},
  journal   = {CoRR},
  year      = {2017},
  url       = {http://arxiv.org/abs/1703.05298},
}


@book {andreascmullersarahguido2016,
    author    = "Andreas C. Müller, Sarah Guido",
    title     = "Introduction to Machine Learning with Python",
    publisher = "O’Reilly Media, Inc.",
    year      = "2016"
}

@book {iangoodfellowyoshuabengioaaroncourville2017,
    author    = "Ian Goodfellow, Yoshua Bengio, Aaron Courville",
    title     = "Deep Learning",
    publisher = "The MIT Press",
    year      = "2017"
}

@book {aureli2017,
    author    = "Aurélien Géron",
    title     = "Hands-On Machine Learning with Scikit-Learn and TensorFlow",
    publisher = "O’Reilly Media, Inc.",
    year      = "2017"
}

@book {nikhilbuduma2017,
    author    = "Nikhil Buduma",
    title     = "Fundamentals of Deep Learning",
    publisher = "O’Reilly Media, Inc.",
    year      = "2017"
}
@misc {aldebaranrobotics,
    author = "Aldebaran",
    title  = "NAOqi DOCUMENTATION",
    year   = "2016",
    howpublished    = "\url{http://doc.aldebaran.com/2-1/index.html}"
}
@book {miguelgrinberg2014,
    author    = "Miguel Grinberg",
    title     = "Flask Web Development",
    publisher = "O’Reilly Media, Inc.",
    year      = "2014"
}
@book {davidgourleybriantotty2002,
    author    = "David Gourley , Brian Totty",
    title     = "HTTP The Definitive Guide",
    publisher = "O’Reilly Media, Inc.",
    year      = "2002"
}
@book {leonardrichardsonmikeamundsen2013,
    author    = "Leonard Richardson, Mike Amundsen",
    title     = "RESTful Web APIs",
    publisher = "O’Reilly Media, Inc.",
    year      = "2013"
}

@book {leonardrichardsonsamruby2007,
    author    = "Leonard Richardson , Sam Ruby",
    title     = "RESTful Web Services",
    publisher = "O’Reilly Media, Inc.",
    year      = "2007"
}

@book {dansloughter2001,
    author    = "Dan Sloughter",
    title     = "The Calculus of Functions of Several Variables",
    publisher = "Orange Grove Texts Plus",
    year      = "2001"
}
	
@misc{tensorflow,
title={ {TensorFlow}: Large-Scale Machine Learning on Heterogeneous Systems},
url={https://www.tensorflow.org/},
note={Software disponible en tensorflow.org},
author={
    Mart\'{\i}n~Abadi and
    Ashish~Agarwal and
    Paul~Barham and
    Eugene~Brevdo and
    Zhifeng~Chen and
    Craig~Citro and
    Greg~S.~Corrado and
    Andy~Davis and
    Jeffrey~Dean and
    Matthieu~Devin and
    Sanjay~Ghemawat and
    Ian~Goodfellow and
    Andrew~Harp and
    Geoffrey~Irving and
    Michael~Isard and
    Yangqing Jia and
    Rafal~Jozefowicz and
    Lukasz~Kaiser and
    Manjunath~Kudlur and
    Josh~Levenberg and
    Dandelion~Man\'{e} and
    Rajat~Monga and
    Sherry~Moore and
    Derek~Murray and
    Chris~Olah and
    Mike~Schuster and
    Jonathon~Shlens and
    Benoit~Steiner and
    Ilya~Sutskever and
    Kunal~Talwar and
    Paul~Tucker and
    Vincent~Vanhoucke and
    Vijay~Vasudevan and
    Fernanda~Vi\'{e}gas and
    Oriol~Vinyals and
    Pete~Warden and
    Martin~Wattenberg and
    Martin~Wicke and
    Yuan~Yu and
    Xiaoqiang~Zheng},
  year={2015},
}

@book {acourseinmultivariablecalculusanalysis2010,
    title    = "A Course in Multivariable Calculus and Analysis",
    author     = "Sudhir R. Ghorpade, Balmohan V. Limaye",
    publisher = "Springer",
    year      = "2010"
}
@book {parker2011,
    author    = "J.R. Parker",
    title     = "Algorithms for Image Processing and Computer Vision",
    publisher = "Wiley Publishing, Inc.",
    year      = "2011"
}
@book {ragavvenkatesanbaoxinli2018,
    author    = "Ragav Venkatesan,Baoxin Li",
    title     = "Convolutional Neural Networks in Visual Computing",
    publisher = "CRC Press",
    year      = "2018"
}
@book {lelugustavocarneiroyefengzhenglinyang2017,
    author    = "Le Lu, Gustavo Carneiro, Yefeng Zheng,Lin Yang",
    title     = "Deep Learning and Convolutional Neural Networks for Medical Image Computing",
    publisher = "Springer",
    year      = "2017"
}
@book {mehryarmohriafshinrostamizadehameettalwalkar2012,
    author    = "Mehryar Mohri, Afshin Rostamizadeh, Ameet Talwalkar",
    title     = "Foundations of Machine Learning",
    publisher = "The MIT Press",
    year      = "2012"
}

@book {hamedhabibiaghdamelnazjahaniheravi2017,
    author    = "Hamed Habibi Aghdam, Elnaz Jahani Heravi",
    title     = "Guide to Convolutional Neural Networks",
    publisher = "Springer",
    year      = "2017"
}

@book{Haykin2007,
 author = {Simon Haykin},
 title = {Neural Networks: A Comprehensive Foundation (3rd Edition)},
 year = {2007},
 isbn = {0131471392},
 publisher = {Prentice-Hall, Inc.}
} 
@book {raulrojas1991,
    author    = "Raúl Rojas",
    title     = "Neural Networks A Systematic Introduction",
    publisher = "Springer",
    year      = "1991"
}
@book {markmasse2012,
    author    = "Mark Massé",
    title     = "REST API Design Rulebook",
    publisher = "O’Reilly Media, Inc.",
    year      = "2012"
}
@book {salmankhanhosseinrahmanisyedafaqalishahmohammedbennamoun2018,
    author    = "Salman Khan, Hossein Rahmani, Syed Afaq Ali Shah, Mohammed Bennamoun",
    title     = "A Guide to Convolutional Neural Networks for Computer Vision",
    publisher = "Morgan \& Claypool Publishers",
    year      = "2018"
}
@book {johnahertzandersskroghrichardgpalmer1991,
    author    = "John A. Hertz , Anders S. Krogh, Richard G. Palmer",
    title     = "Introduction To The Theory Of Neural Computation",
    publisher = "Westview Press",
    year      = "1991"
}
@book {russellreedrobertjmarks1999,
    author    = "Russell Reed, Robert J. Marks",
    title     = "Neural Smithing",
    publisher = "The MIT Press",
    year      = "1999"
}
@INPROCEEDINGS{Lecun98gradient-basedlearning,
    author = {Yann Lecun, Léon Bottou, Yoshua Bengio, Patrick Haffner},
    title = {Gradient-based learning applied to document recognition},
    booktitle = {Proceedings of the IEEE},
    year = {1998},
    pages = {2278--2324}
}
@misc{ restfielding2000,
author = "Roy Thomas Fielding",
title = "Architectural Styles and the Design of Network-based Software Architectures",
 howpublished = "\url{https://www.ics.uci.edu/~fielding/pubs/dissertation/rest_arch_style.htm}"
}

@misc{ firebasesoltis2014,
author = "Greg Soltis" ,
title = "Announcing Streaming for the Firebase REST API ",
howpublished = "\url{https://firebase.googleblog.com/2014/03/announcing-streaming-for-firebase-rest.html}"
}